%%%%%%%%%%%%
%
%  Past Boost Reports
%
%%%%%%%%%%%%

@article{Altheimer:2013yza,
      author         = "Altheimer, A. and Arce, A. and Asquith, L. and Backus
                        Mayes, J. and Bergeaas Kuutmann, E. and others",
      title          = "{Boosted objects and jet substructure at the LHC}",
      doi            = "10.1140/epjc/s10052-014-2792-8",
      year           = "2013",
      eprint         = "1311.2708",
      archivePrefix  = "arXiv",
      primaryClass   = "hep-ex",
      SLACcitation   = "%%CITATION = ARXIV:1311.2708;%%",
}

@article{Altheimer:2012mn,
      author         = "Altheimer, A. and Arora, S. and Asquith, L. and
                        Brooijmans, G. and Butterworth, J. and others",
      title          = "{Jet Substructure at the Tevatron and LHC: New results,
                        new tools, new benchmarks}",
      journal        = "J.Phys.",
      volume         = "G39",
      pages          = "063001",
      doi            = "10.1088/0954-3899/39/6/063001",
      year           = "2012",
      eprint         = "1201.0008",
      archivePrefix  = "arXiv",
      primaryClass   = "hep-ph",
      reportNumber   = "SLAC-R-990, FERMILAB-PUB-12-897-T",
      SLACcitation   = "%%CITATION = ARXIV:1201.0008;%%",
}

@article{Abdesselam:2010pt,
      author         = "Abdesselam, A. and Kuutmann, E. Bergeaas and Bitenc, U.
                        and Brooijmans, G. and Butterworth, J. and others",
      title          = "{Boosted objects: A Probe of beyond the Standard Model
                        physics}",
      journal        = "Eur.Phys.J.",
      volume         = "C71",
      pages          = "1661",
      doi            = "10.1140/epjc/s10052-011-1661-y",
      year           = "2011",
      eprint         = "1012.5412",
      archivePrefix  = "arXiv",
      primaryClass   = "hep-ph",
      reportNumber   = "SLAC-PUB-15081, FERMILAB-PUB-10-617-CMS",
      SLACcitation   = "%%CITATION = ARXIV:1012.5412;%%",
}

%%%%%%%%%%%%
%
%  Improved HEPTopTagger
%
%%%%%%%%%%%%

@article{Anders:2013oga,
      author         = "Anders, Christoph and Bernaciak, Catherine and Kasieczka,
                        Gregor and Plehn, Tilman and Schell, Torben",
      title          = "{Benchmarking an Even Better HEPTopTagger}",
      journal        = "Phys.Rev.",
      volume         = "D89",
      pages          = "074047",
      doi            = "10.1103/PhysRevD.89.074047",
      year           = "2014",
      eprint         = "1312.1504",
      archivePrefix  = "arXiv",
      primaryClass   = "hep-ph",
      SLACcitation   = "%%CITATION = ARXIV:1312.1504;%%",
}

@Article{Hocker:2007ht, 
author      =     "Hoecker, Andreas and Speckmayer, Peter and Stelzer, Joerg and Therhaag, Jan and von Toerne, Eckhard and Voss, Helge",
title  =    "{TMVA: Toolkit for Multivariate Data Analysis}",
journal      =    "PoS",
volume       =    "ACAT",
year   =    "2007",
pages  =    "040",
eprint       =    "physics/0703039",
archivePrefix      =    "arXiv",
SLACcitation       =    "%%CITATION = PHYSICS/0703039;%%"}
